@ARTICLE{fibration2019,
	author = {F. Morone and I. Leifer and H. A. Makse},
	title = {Fibration building blocks of information-processing networks},
	journal = {(To be published)},
	year = {2019}
}

@ARTICLE{Cardon1982,
	author = {A. Cardon and M. Cruchemore},
	title = {Partitioning a graph in $O(|A|\log_2 |V|)$},
	journal = {Theoretical Computer Science},
	year = {1982},
	volume = {19},
	pages = {85-98}
}

@ARTICLE{Boldi2006,
	author = {P. Boldi and V. Lonati and M. Santini and S. Vigna},
	title = {Graph fibrations, graph isomorphism, and PageRank},
	journal = {Theoretical Informatics and Applications},
	year = {2006},
	volume = {40},
	pages = {227-253}
}

@ARTICLE{Tarjan1987,
	author = {R. Paige and Robert E. Tarjan},
	title = {Three Partition Refinement Algorithms},
	journal = {SIAM Journal on Computing},
	year = {1987},
	volume = {16},
	pages = {973-989}
}

@ARTICLE{Stewart2006,
	author = {M. Golubitsky and I. Stewart},
	title = {Nonlinear dynamics of networks: the groupoid formalism},
	journal = {Bulletin of the American Mathematical Society},
	year = {2006},
	volume = {46},
	pages = {305-365}
}